@article{SUU,
 author = {Su, Xiaoyuan and Khoshgoftaar, Taghi M.},
 title = {A survey of collaborative filtering techniques},
 journal = {Adv. in Artif. Intell.},
 issue_date = {January 2009},
 volume = {2009},
 month = {January},
 year = {2009},
 issn = {1687-7470},
 pages = {4:2--4:2},
 articleno = {4},
 numpages = {1},
 url = {http://dx.doi.org/10.1155/2009/421425},
 doi = {http://dx.doi.org/10.1155/2009/421425},
 acmid = {1722966},
 publisher = {Hindawi Publishing Corp.},
 address = {New York, NY, United States},
} 